@book{schutze2008introduction,
  title={Introduction to information retrieval},
  author={Sch{\"u}tze, Hinrich and Manning, Christopher D and Raghavan, Prabhakar},
  volume={39},
  year={2008},
  publisher={Cambridge University Press Cambridge}
}

@book{croft2010search,
  title={Search engines: Information retrieval in practice},
  author={Croft, W Bruce and Metzler, Donald and Strohman, Trevor},
  volume={520},
  year={2010},
  publisher={Addison-Wesley Reading}
}
@article{salton1990improving,
  title={Improving retrieval performance by relevance feedback},
  author={Salton, Gerard and Buckley, Chris},
  journal={Journal of the American society for information science},
  volume={41},
  number={4},
  pages={288--297},
  year={1990},
  publisher={Wiley Online Library}
}